@Manual{enumitem,
  Author  = {Bezos López, Javier},
  Title   = {The Enumitem package},
  Date    = {2019},
  Url     = {https://ctan.org/pkg/enumitem},
  Urldate = {2021-07-26},
}

@Book{heuser:2005,
  Author    = {Heuser, Harro},
  Title     = {Der Physiker Gottes -- Isaac Newton oder Die Revolution des Denkens},
  Date      = {2005},
  Publisher = {Verlag Herder},
}

@Artice{einstein:1923,
  Author    = {Einstein, Albert},
  Title     = {Die Grundlage der allgemeinen Relativitätstheorie},
  Date      = {1923},
  Pages     = {81--124},
  Publisher = {Springer},
}

@Url{AlphaGo,
  Author   = {{Steven Borowiec, Tracey Lien}},
  Title    = {AlphaGo beats human Go champ in milestone for artificial intelligence},
  Date     = {2016},
  Language = {english},
  Url      = {https://www.latimes.com/world/asia/la-fg-korea-alphago-20160312-story.html},
  Urldate  = {2022-10-15},
}

@Book{Alsina2013,
  Author    = {Alsina, Claudi and Nelsen, Roger B.},
  Title     = {Bezaubernde Beweise -- Eine Reise durch die Eleganz der Mathematik},
  Date      = {2013},
  Isbn      = {978-3-642-34792-4},
  Location  = {Wiesbaden},
  Publisher = {Springer},
}

@Comment{jabref-meta: databaseType:biblatex;
}
